@article{longo2007alguns,
  title={Alguns impactos sociais do desenvolvimento cient{\'\i}fico e tecnol{\'o}gico},
  author={LONGO, Waldimir Pirr{\'o}},
  journal={DataGramaZero-Revista de Ci{\^e}ncia da Informa{\c{c}}{\~a}o},
  volume={8},
  number={1},
  year={2007}
}

@misc{tinyerp,
    title = {Tiny, Sistema de Gest√£o},
    howpublished={\url{https://www.tiny.com.br/site/tour}},
    year = {2016}
}

@book{rogers2013design,
  title={Design de Intera{\c{c}}{\~a}o},
  author={Rogers, Yvonne and Sharp, Helen and Preece, Jennifer},
  year={2013},
  publisher={Bookman Editora}
}

@misc{bolo,
    title = {Casa de Bolos, bolos caseiros feitos com carinho},
    howpublished={\url{http://www.casadebolos.com.br/nossos-sabores/}},
    year = {2016}
}

@misc{git,
    title = {GitHub, Site em Python Django},
    howpublished={\url{https://github.com/climaco02/Climacolandia-Site-Python}},
    year = {2016}
}

@article{sayao2006rastreabilidade,
  title={Rastreabilidade de requisitos},
  author={Say{\~a}o, Miriam and do Prado Leite, Julio Cesar Sampaio},
  journal={RITA},
  volume={13},
  number={1},
  pages={57--86},
  year={2006}
}